@article{liskov2012viewstamped,
  title={Viewstamped replication revisited},
  author={Liskov, Barbara and Cowling, James},
  year={2012}
}
